@inproceedings{mohammad-etal-2016-semeval,
    title = "{S}em{E}val-2016 Task 6: Detecting Stance in Tweets",
    author = "Mohammad, Saif  and
      Kiritchenko, Svetlana  and
      Sobhani, Parinaz  and
      Zhu, Xiaodan  and
      Cherry, Colin",
    booktitle = "Proceedings of the 10th International Workshop on Semantic Evaluation ({S}em{E}val-2016)",
    month = jun,
    year = "2016",
    address = "San Diego, California",
    publisher = "Association for Computational Linguistics",
    url = "https://www.aclweb.org/anthology/S16-1003",
    doi = "10.18653/v1/S16-1003",
    pages = "31--41",
}

@misc{devlin2018bert,
    title={BERT: Pre-training of Deep Bidirectional Transformers for Language Understanding},
    author={Jacob Devlin and Ming-Wei Chang and Kenton Lee and Kristina Toutanova},
    year={2018},
    eprint={1810.04805},
    archivePrefix={arXiv},
    primaryClass={cs.CL}
}